@inproceedings{PetrovicMikic2015,
author = {Petar Petrovi{\'c} and Mika Miki{\'c}},
title = {Nau{\v c}ni rad},
booktitle = {Konferencija iz matematike i ra{\v c}unarstva},
year = {2015},
editor = {Miloje Milojevi{\'c}},
language = {serbian},
hyphenation = {serbian}
}

@article{GuSh:243,
author = {Gurevich, Yurrrrrri and Shelah, Saharon},
ams-subject = {(05C80)},
fromwhere = {1,IL},
journal = {SIAM Journal on Computing},
review = {MR 88i:05162},
pages = {486--502},
title = {{Expected computation time for Hamiltonian path problem}},
volume = {16},
year = {1987},
language = {english},
hyphenation = {english}
}

@misc{express,
title = {{Express.js}},
note = {on-line at: \url{https://expressjs.com/}},
     author = {StrongLoop, IBM},
}

@misc{nodejs,
title = {{About Node.js}},
note = {on-line at: \url{https://nodejs.org/en/about/}},
     author = {OpenJS Foundation},
}

@misc{sequelize,
title = {{Sequelize.js}},
note = {on-line at: \url{https://sequelize.org/docs/v6/}},
     author = {Sequelize Contributors},
}

@misc{orm,
title = {{Object - Relational Mapping}},
note = {on-line at: \url{https://www.altexsoft.com/blog/object-relational-mapping/}},
     author = {Mia Liang},
     year = {2021},
}

@misc{sqlitetutorial,
title = {{What Is SQLite}},
note = {on-line at: \url{https://www.sqlitetutorial.net/what-is-sqlite/}},
     author = {SQLite tutorial team},
     year = {2022},
}

@misc{sqlite,
title = {{About SQLite}},
note = {on-line at: \url{https://www.sqlite.org/about.html}},
     author = {SQLite project},
}



@misc{w3nodejs,
title = {{Node.js intro}},
note = {on-line at: \url{https://www.w3schools.com/nodejs/nodejs_intro.asp}},
     author = {W3Schools},
}

@misc{monorepo,
title = {{Guide to monorepos}},
note = {on-line at: \url{https://www.toptal.com/front-end/guide-to-monorepos}},
     author = {Alexander Noel},
}

@misc{npm,
title = {{About npm}},
note = {on-line at: \url{https://docs.npmjs.com/about-npm}},
author= {Node package manager team}
}

@misc{mdnexpress,
title = {{Express/Node introduction}},
note = {on-line at: \url{https://developer.mozilla.org/en-US/docs/Learn/Server-side/Express_Nodejs/Introduction}},
author = {MDN Contributors},
year = {2022},
}

@misc{react,
title = {{React - A JavaScript library for building user interfaces}},
note = {on-line at: \url{https://reactjs.org/}},
author = {Meta Platforms},
year = {2022},
}

@misc{reactRouter,
title = {{React router - main concepts}},
note = {on-line at: \url{https://reactrouter.com/docs/en/v6/getting-started/concepts}},
author = {Remix},
year = {2022},
}

@misc{tailwind,
title = {{Tailwind - Utility-First Fundamentals}},
note = {on-line at: \url{https://tailwindcss.com/docs/utility-first}},
author = {Tailwind Labs},
year = {2022},
}

@misc{rtl,
title = {{React testing library introduction}},
note = {on-line at: \url{https://testing-library.com/docs/react-testing-library/intro/}},
author = {Kent C. Dodds},
year = {2022},
}

@misc{bootstrap,
title = {{Bootstrap}},
note = {on-line at: \url{https://getbootstrap.com/ }},
author = {Bootstrap team},
year = {2022},
}

@misc{msw,
title = {{Mock Service Worker - API mocking of the next generation}},
note = {on-line at: \url{https://mswjs.io/docs/ }},
author = {Artem Zakharchenko},
year = {2022},
}

@misc{jest,
title = {{Jest}},
note = {on-line at: \url{https://jestjs.io/ }},
author = {Facebook Open Source team},
year = {2022},
}

@misc{playwrightTutorial,
title = {{Playwright Framework Tutorial: Learn Basics and Setup}},
note = {on-line at: \url{https://www.browserstack.com/guide/playwright-tutorial }},
author = {Ganesh Hegde},
year = {2022},
}

@misc{playwrightVsSelenium,
title = {{Playwright vs Selenium: A Comparison}},
note = {on-line at: \url{https://www.browserstack.com/guide/playwright-vs-selenium}},
author = {Garima Tiwari},
year = {2021},
}

@misc{playwright,
title = {{Playwright - Getting started}},
note = {on-line at: \url{https://playwright.dev/}},
author = {Microsoft},
year = {2022},
}

@misc{devtools,
title = {{Chrome DevTools protocol}},
note = {on-line at: \url{https://chromedevtools.github.io/devtools-protocol/}},
author = {Google Chrome},
}


@misc{speedTest,
title = {{WebDriver vs Chrome DevTools (Speed Test)}},
note = {on-line at: \url{https://dev.to/pjcalvo/webdriver-vs-chrome-devtools-speed-test-441h
}},
author = {Pablo Calvo},
year = {2021}
}

@misc{chromium,
title = {{Chromium}},
note = {on-line at: \url{https://www.chromium.org/Home/
}},
author = {Google Chrome team},
year = {2021}
}

@misc{webKit,
title = {{Webkit}},
note = {on-line at: \url{https://webkit.org/}},
author = {Apple},
year = {2021}
}

@misc{sinatra,
title = {{About Sinatra}},
note = {on-line at: \url{http://sinatrarb.com/about.html/}},
author = {Blake Mizerany},
}

@misc{projekat,
title = {{Gelos test project}},
note = {on-line at: \url{https://github.com/d1mic/gelosTestProject}},
author = {Nikola Dimić},
year = {2022}
}

@book{
    microservicesBook,
    title={Building Microservices, First edition},
    author={Sam Newman},
    isbn={978-1-491-95035-7},
    url={https://www.oreilly.com/library/view/building-microservices/9781491950340/},
    year={2015},
    publisher={O’Reilly Media, Inc.}
}

@book{
    testiranjeBook,
    title={Agile Testing: A Practical Guide for Testers and Agile Teams},
    author={Lisa Crispin, Jenet Gregory},
    isbn={978-0321534460},
    year={2009},
    publisher={O’Reilly Media, Inc.}
}

@misc{ISTQB,
title = {{Certified Tester Foundation Level (CTFL) Sylabus}},
note = {on-line at: \url{https://istqb-main-web-prod.s3.amazonaws.com/media/documents/ISTQB-CTFL_Syllabus_2018_v3.1.1.pdf}},
author = {International Software Testing Qualifications Board. Foundation},
}


@misc{jenkins,
title = {{Jenkins}},
note = {on-line at: \url{https://www.jenkins.io/}},
author = {Kohsuke Kawaguchi},
year = {2022}
}


@misc{allure,
title = {{Allure}},
note = {on-line at: \url{https://webdriver.io/docs/allure-reporter/}},
author = {WebDriver IO},
year = {2022}
}

